2883 3661
1268 87 1338 108 ---
1388 70 1447 116 31
1504 83 1560 105 -ι-

164 161 1030 250 μ-,μὼωπαῷίὼςωφο
1055 172 1179 218 ’νεὼ
1213 171 1438 219 aunuum
1470 168 1702 231 proposuit,
1749 176 1808 212 est
1843 170 2003 229 quidem
2047 172 2174 230 aliqu.
2202 172 2320 214 nunu
2353 171 2432 213 1001
2464 173 2675 229 medium,

129 275 135 279 -
159 251 756 310 &ww-‚qunque
783 238 1156 303 ad³''penun'nudum
1180 241 1324 286 vulnus
1336 235 1606 298 >*nequaqnam
1635 236 1820 288 sufficiat.
1874 241 2012 298 Itaque
2044 240 2169 297 mgis
2194 243 2343 297 placet,
2376 241 2539 283 laciniae
2561 243 2672 297 signa

81 347 85 349 ,
176 322 301 385 pd-
329 299 641 367 (ΜΝ
662 321 857 359 &meere
880 305 1418 365 miurinterdderuiit.
1437 308 1584 367 fingere
1612 311 1822 372 coritiani.-
1846 307 2023 351 breviter
2048 323 2141 352 sane
2168 309 2219 351 de
2246 309 2337 366 fuga
2363 310 2674 363 covinariorum3

164 403 259 437 ω,
282 390 446 435 m
474 373 748 439 Lada-‚de
771 374 1281 426 mammem!
1308 379 1450 421 caesar
1475 376 1561 434 ipse
1593 375 1728 418 eadem
1755 375 1947 420 brevitate
1975 378 2139 421 eandem
2166 391 2253 421 rem
2281 380 2528 433 narrat31v.
2557 378 2609 422 de
2633 378 2674 420 h.

178 476 219 520 g.
235 461 363 505 35.V.
376 460 419 501 9.
435 456 541 501 conf.
553 455 675 498 'eninm
692 450 988 497 [ivam
1001 449 1070 492 41.
1084 463 1097 504 ;
1110 448 1182 506 qui
1194 448 1388 505 impetum
1407 445 1639 488 falcator-mu
1658 437 1846 487 curruum
1861 445 1975 488 inane
1991 447 2205 491 ludibrium
2218 455 2345 490 vocat.
2372 448 2550 501 Accedit,
2566 447 2674 505 quod

177 515 264 589 εμὲ
292 512 435 571 emir
465 508 649 574 mutar,
677 519 898 563 covinum-ios
922 519 1164 575 plerumque
1191 512 1373 560 malm
1401 511 1571 569 cesum:
1590 515 1762 569 peditum
1789 530 1831 555 se
1854 517 2003 570 proelio
2030 523 2222 558 miscuere.
2250 517 2331 558 um·
2349 515 2370 557 ε»
2408 517 2596 559 covinaxii
2614 523 2673 559 *an

178 597 332 656 equites
346 592 525 639 romani?
541 591 694 635 Scimus
707 597 869 632 auctore
883 587 1025 630 eodem
1032 588 1209 640 Caesare,
1227 578 1440 628 eosdm-ios
1455 597 1504 626 ex
1518 583 1661 626 essedis
1678 583 1835 626 desilire
1851 592 1892 625 et
1904 583 2072 639 pedibus
2086 586 2240 641 proelio
2256 584 2498 627 contendere
2514 600 2677 626 consue-

179 650 467 723 visse.18que
489 667 571 703 non
597 671 695 703 vero
722 657 884 716 quidem
909 654 1084 702 absimile
1111 661 1183 709 est,
1211 652 1378 711 opinati,
1407 654 1623 695 coemat-ios
1644 651 1723 694 iam
1747 651 1926 709 peditum
1951 653 2105 715 proelio
2132 668 2174 696 se
2202 654 2401 697 miscuisse
2421 670 2432 695 ι
2457 654 2528 696 sed
2554 670 2676 710 prop-

179 742 244 776 ter
269 731 469 787 sequentia
496 728 646 785 equites
669 732 852 768 romanos
877 723 1048 779 intefflgi
1074 722 1195 766 velim
1212 736 1225 763 τ
1254 733 1421 779 namque
1448 720 1597 762 nodum
1623 720 1765 761 Gordii
1794 728 2010 773 nectemus,
2038 722 2070 762 si
2088 730 2310 779 statuemus,
2330 722 2551 765 covinarios
2575 723 2679 764 solos

178 806 225 844 ω’
249 798 428 856 pedimm
443 796 599 854 proelio
612 793 836 837 miscuisse.
870 793 1100 849 Sequuntur
1125 789 1235 831 enim·
1256 789 1377 833 verba
1392 805 1403 831 ε
1431 790 1559 829 derasis
1576 797 1702 829 tamen
1718 790 1882 830 hostium
1908 793 2119 841 agminibus
2136 799 2174 831 et
2192 792 2451 845 inaequalibus
2468 792 2565 831 locis
2582 791 2676 830 hae-

179 871 344 910 rebant.-
371 879 454 908 non
481 862 804 915 covinaxib'reor,
826 861 897 903 sed
922 856 1074 917 equites
1102 858 1266 910 mmani,
1285 858 1354 916 qui
1381 856 1600 899 covinarios
1626 857 1825 914 persecuti
1843 856 2037 915 impetum
2065 857 2250 900 fecerant.
2290 860 2399 902 Nihil
2426 860 2587 916 quidem
2611 870 2678 900 me

179 945 318 979 movet
342 941 421 977 vox
446 936 609 975 hostium
626 949 650 976 .·.
673 932 716 973 id
744 932 903 976 defendi
927 929 1080 986 possit3
1107 927 1211 969 conf.
1237 928 1325 970 Liv.
1352 927 1557 970 xxxva.
1580 926 1619 967 5.
1646 926 1713 978 6.;
1740 925 1811 967 sed
1840 925 1929 967 fieri
1958 940 2040 968 non
2066 935 2210 984 potest,
2238 935 2294 979 ut,
2322 942 2411 977 cum
2434 929 2568 985 paullo
2587 935 2679 968 ante

180 1010 445 1048 memoratum
468 1001 539 1053 sit,
572 999 802 1057 Agricolam
828 999 987 1042 ordines
1015 995 1230 1048 diduxisse,
1265 1009 1363 1046 nec,
1397 994 1470 1035 etsi
1496 994 1611 1034 multi
1636 994 1900 1047 monuissent,
1927 996 2104 1052 legiones
2131 997 2392 1048 arcessivisse,
2423 1008 2529 1039 nunc
2557 997 2678 1038 densa

185 1077 456 1118 Romanunm
483 1069 644 1124 agmina*
664 1068 873 1112 dinanum
894 1065 1065 1117 Deinde,
1091 1065 1123 1107 si
1145 1064 1307 1107 Caesari
1333 1062 1432 1105 fides
1458 1063 1639 1103 habenda
1665 1071 1736 1115 est,
1765 1064 1830 1120 qui
1855 1066 1881 1103 l.
1911 1066 1980 1107 IV.
2008 1065 2058 1104 de
2086 1066 2125 1104 h.
2150 1080 2188 1120 g.
2218 1064 2297 1117 33,
2325 1074 2499 1119 testatur,
2524 1074 2679 1106 tantum

180 1137 399 1185 essedarios
428 1136 657 1195 quotidiano
681 1151 755 1179 usu
778 1146 824 1179 et
857 1132 1136 1178 exercitatione
1149 1130 1346 1174 ‘effecisse
1354 1143 1376 1188 ,¹
1395 1139 1442 1171 ut
1468 1131 1510 1171 in
1538 1130 1682 1180 declivi
1709 1146 1755 1172 ac
1780 1132 1988 1189 praecipiti
2013 1134 2108 1174 loco
2133 1134 2312 1174 incitatos
2341 1147 2460 1190 equos
2484 1135 2680 1175 sustinere

181 1216 230 1254 et
253 1207 369 1252 brevi
397 1204 598 1248 moderati·
620 1219 666 1248 ac
690 1204 859 1248 flectere
888 1193 1174 1251 consuessent,
1196 1200 1265 1258 qui
1291 1200 1481 1242 credibile
1509 1200 1604 1252 erit,
1641 1200 1811 1242 haesisse
1839 1201 2054 1243 esseda-ios
2079 1202 2345 1259 inaequalibus
2376 1204 2470 1243 locis
2487 1203 2507 1242 ?
2535 1205 2681 1243 Roma-

186 1290 258 1320 nos
282 1274 437 1333 equites
464 1273 579 1317 iniis
606 1273 717 1326 locis,
742 1286 856 1332 quae,
885 1280 931 1315 ut
958 1285 1049 1314 cum
1074 1269 1212 1315 Curtio
1240 1270 1397 1327 loquar,
1423 1269 1691 1327 inequitabilia
1719 1277 1842 1322 erant,
1868 1270 2057 1328 haesisse,
2086 1271 2128 1312 id
2158 1272 2317 1328 quidem
2345 1272 2503 1312 minime
2530 1272 2678 1312 mirum

184 1347 258 1387 αἱ.
313 1344 447 1400 ltaque
475 1355 525 1384 ex
551 1342 776 1384 coniectura
802 1342 902 1384 haec
927 1340 1014 1383 fere
1047 1346 1286 1397 reponemus
1304 1353 1317 1380 t
1350 1340 1508 1380 Interim
1541 1344 1704 1394 equitum
1721 1342 1882 1380 'turmae
1910 1344 2103 1381 incurrere
2117 1358 2131 1385 ‚·
2161 1341 2297 1391 fugere
2326 1346 2507 1381 covinarii
2521 1359 2535 1380 .·
2560 1346 2683 1381 nostri

184 1413 357 1468 peditum
384 1425 427 1451 se
455 1412 600 1465 proelio
627 1415 810 1451 miscuere
827 1426 841 1449 .·
868 1417 914 1451 at
943 1423 1171 1464 quamquam
1201 1414 1389 1448 recentem
1416 1415 1602 1448 terrorem
1630 1407 1849 1456 intulerant,
1878 1408 2006 1449 densis
2040 1417 2168 1449 tamen
2206 1410 2368 1449 hostium
2403 1411 2614 1461 agminibus
2644 1416 2684 1450 et

188 1481 449 1536 inaequalibus
476 1467 572 1521 locu
597 1481 820 1521 haerebam.
874 1478 971 1519 inde
1004 1477 1053 1519 ab
1079 1477 1142 1518 his
1175 1476 1307 1520 verbu
1329 1476 1418 1518 iam
1442 1488 1588 1532 vepres
1615 1483 1657 1516 et
1686 1475 1854 1517 dumeta.
1911 1478 1957 1518 In
1994 1476 2131 1519 codice
2159 1477 2348 1522 vaticano
2379 1486 2419 1518 et
2448 1477 2684 1519 editionibus

188 1548 353 1593 vetustis
379 1548 482 1588 haec
504 1549 717 1602 leguntur:
743 1538 963 1601 minutaeque
991 1546 1192 1600 equestres.
1220 1559 1269 1585 ea
1296 1537 1400 1597 (e5a)
1425 1548 1523 1584 enim
1551 1543 1631 1596 (n)
1648 1553 1807 1598 'pugnae
1820 1545 1956 1598 facies
1986 1554 2084 1586 erat.
2114 1562 2196 1586 cum
2225 1561 2348 1597 aegra
2375 1547 2441 1586 diu
2469 1555 2538 1586 aut
2557 1554 2686 1586 stante

186 1617 303 1658 sirnul
324 1629 504 1669 equorum
529 1616 747 1667 corporibus
773 1615 1073 1668 impellerentur,
1108 1627 1158 1652 ac
1187 1621 1301 1667 saepe
1326 1634 1382 1641 —
1405 1613 1660 1652 incursabant.
1715 1612 1884 1654 Rothius
1914 1614 2013 1656 haec
2046 1614 2174 1656 omnia
2209 1614 2259 1655 de
2293 1618 2496 1656 covinariis
2532 1620 2686 1656 narrata

186 1699 274 1728 esse
294 1683 540 1725 arbitratur:
567 1682 700 1738 imque
726 1683 860 1724 verbis
885 1690 1062 1736 equor-uin
1088 1683 1306 1735 corporibus
1328 1683 1603 1734 impellerentur
1618 1681 1828 1736 significari
1846 1682 1954 1734 dicit,
1978 1683 2188 1724 essedarios
2205 1683 2244 1725 Vi
2268 1695 2460 1741 equorum
2486 1683 2566 1725 huc
2590 1682 2686 1725 illuc

191 1756 289 1794 latos
320 1765 432 1802 esse,
448 1750 543 1807 quin
573 1765 711 1791 eorum
737 1766 893 1792 cursum
921 1750 1147 1805 dirigerent.
1202 1752 1313 1789 Haec
1339 1757 1476 1804 aperte
1500 1757 1681 1803 pugnant
1708 1762 1798 1789 cum
1826 1750 1893 1801 iis,
1924 1763 2022 1808 quae
2051 1753 2192 1792 Caesar
2219 1752 2291 1791 1.l.
2321 1752 2371 1792 de
2401 1751 2688 1793 essedariorum

192 1819 335 1876 peritia
359 1818 547 1859 tradidit:
573 1818 672 1858 illud
696 1827 827 1858 autem
861 1833 941 1858 non
965 1817 1096 1866 video,
1123 1817 1321 1872 quomodo
1354 1817 1473 1855 laune
1508 1817 1585 1855 dici
1610 1818 1764 1871 possit:
1793 1824 2006 1857 covinarios
2031 1826 2109 1857 tum
2143 1824 2292 1859 minime
2326 1827 2519 1873 equestres
2539 1819 2692 1872 fuisse:

189 1886 361 1930 coniecit
386 1885 491 1928 enim
517 1885 579 1928 vir
606 1885 850 1927 doctissimus
870 1901 880 1927 ε
909 1887 1134 1932 haerebant,
1162 1882 1380 1938 minimeque
1408 1892 1600 1938 equestres
1628 1883 1699 1934 (ea
1717 1890 1814 1924 enim
1826 1901 1980 1938 pugnae
1986 1886 2120 1936 facies
2139 1887 2268 1938 erat),
2297 1902 2408 1941 quum
2436 1892 2577 1938 auriga
2604 1894 2691 1926 tunc

185 1956 387 2002 adstante,
415 1955 528 1995 simul
551 1968 728 2013 equorum
755 1954 974 2008 corporibus
1000 1953 1289 2007 impellerentur,
1314 1957 1374 1992 ac'
1391 1952 1507 2006 saepe
1520 1974 1576 1981 —
1591 1955 1864 1993 incursabant:
1891 1954 1935 1993 in
1961 1954 2035 1994 hac
2065 1955 2289 1995 coniectura
2316 1956 2439 1994 multa
2467 1962 2571 2006 sunt,
2591 1968 2691 2010 quae

195 2037 278 2064 non
305 2035 557 2079 concoquam.
600 2021 756 2078 Lipsius
784 2023 1003 2076 corporibus
1031 2036 1208 2075 equorum
1235 2022 1512 2072 impellerentur
1538 2019 1706 2073 explicat
1719 2033 1742 2061 ε-
1757 2021 1907 2076 equites
1932 2028 2077 2062 stantes
2105 2021 2389 2078 haerentesque
2418 2022 2501 2064 sine
2529 2037 2600 2064 suo
2619 2023 2693 2064 im-

195 2098 294 2150 petu
321 2090 436 2130 facile
466 2104 557 2130 cum
584 2089 679 2145 ipsis
708 2087 815 2145 equis
842 2086 1092 2144 pellebantur
1105 2087 1141 2128 'a
1167 2086 1314 2144 pedite,
1345 2086 1384 2129 vi
1409 2086 1646 2142 ingruente:
1673 2088 1885 2133 Walchius
1921 2088 2058 2132 eadem
2088 2088 2209 2133 verba
2235 2090 2364 2147 patrio
2397 2107 2579 2133 sermone
2612 2092 2692 2134 hoc

193 2159 315 2199 modo
349 2157 565 2211 expressit:
601 2156 786 2210 zugleich
819 2169 900 2196 von
928 2155 1103 2195 Leibern
1137 2155 1248 2194 ihrer
1284 2157 1408 2194 Rosse
1444 2154 1613 2195 abwiirts
1642 2156 1815 2211 gerissen
1841 2157 2020 2199 wurden.
2076 2158 2134 2201 At
2159 2174 2337 2214 equorum
2365 2162 2583 2214 corporibus
2611 2174 2694 2202 non

192 2225 302 2267 idem
328 2232 399 2275 est,
430 2224 535 2279 quod
559 2240 642 2263 cum
670 2229 774 2278 equis
800 2225 943 2266 sinum
977 2236 1058 2271 nec,
1080 2224 1220 2277 impelli
1243 2224 1350 2264 valet
1375 2222 1757 2279 hinabgerissen
1785 2226 2007 2279 werden,
2038 2227 2109 2269 sed
2137 2235 2204 2270 aut
2229 2228 2345 2270 einen
2373 2228 2538 2271 Austoss
2567 2229 2695 2271 erbal-

193 2303 274 2346 (οη,
296 2293 338 2333 in
365 2295 604 2348 Bewegung
631 2300 785 2347 gesetzt
810 2292 987 2347 werden,
1014 2300 1080 2331 aut
1109 2307 1201 2331 zum
1213 2292 1419 2335 Weichen
1446 2292 1650 2347 gebracht,
1683 2294 1888 2348 geworfen
1913 2295 2090 2337 werden.
2119 2295 2243 2349 (conf.
2261 2299 2370 2339 Bo'tt.
2385 2298 2479 2338 Lex.
2500 2300 2591 2339 Tac.
2609 2313 2638 2339 s.
2654 2297 2694 2339 h.

192 2362 264 2415 π).
307 2361 472 2415 Deindev
492 2359 739 2401 manifestum
771 2367 842 2411 est,
864 2359 985 2402 verba
1004 2362 1371 2400 ‹tc—incursabant
1386 2372 1462 2401 nec
1481 2372 1571 2400 cum
1586 2361 1907 2403 antecedentibus
1924 2380 2008 2403 cum
2024 2388 2080 2394 ——
2095 2367 2372 2419 impellerentur
2390 2366 2443 2405 ita
2466 2380 2580 2421 posse
2600 2380 2695 2407 con-

194 2430 324 2482 necti,
351 2436 396 2469 ut
429 2429 676 2469 incursabant
709 2427 903 2468 referatur
939 2426 989 2469 ad
1023 2426 1341 2470 coniunctionem
1376 2435 1459 2468 cum
1473 2443 1487 2472 ;
1514 2440 1645 2485 neque
1678 2429 1807 2471 verbis
1842 2447 1890 2472 ea
1921 2448 2074 2485 pugnae
2095 2432 2229 2485 facies
2256 2443 2345 2474 erat
2372 2443 2463 2488 apte
2490 2435 2697 2489 subiungi:

182 2498 455 2555 *quamobrem
477 2497 599 2537 maius
629 2504 737 2536 certe
766 2495 1031 2552 distinguendi
1049 2494 1203 2552 signum
1222 2495 1451 2552 ponendum
1479 2495 1565 2537 erit.
1602 2496 1830 2554 Scripturas
1859 2498 1982 2556 igitur
2005 2500 2169 2557 vestigia
2187 2509 2414 2558 prementes
2441 2502 2698 2545 assentiemur

200 2567 260 2619 iis,
280 2566 348 2622 qui
374 2566 586 2620 opinentur
605 2565 818 2619 legendum
833 2578 919 2604 esse
940 2580 949 2604 :
978 2571 1197 2619 minimeque
1218 2570 1400 2619 equestris
1419 2579 1467 2604 ea
1487 2570 1565 2604 iam
1583 2580 1735 2618 pugnae
1750 2567 1885 2618 facies
1904 2576 2001 2608 erat.
2038 2570 2102 2609 De
2122 2570 2312 2625 equestris
2329 2570 2471 2625 proelii
2488 2584 2600 2611 more
2617 2570 2698 2613 vid.

200 2634 326 2690 Lipsii
352 2642 483 2673 annot.
508 2633 557 2673 ad
584 2633 753 2677 AnnVI.
769 2632 838 2673 35.
856 2633 1066 2676 etwaleh.
1092 2632 1135 2673 in
1163 2640 1373 2674 comment.
1402 2632 1450 2674 ad
1466 2633 1506 2673 h.
1525 2634 1551 2674 l.
1595 2635 1781 2675 Ceterum
1809 2643 1996 2692 quantum
2020 2636 2117 2677 mihi
2140 2651 2214 2692 per
2239 2636 2308 2679 has
2335 2637 2529 2691 tenebras,
2555 2640 2699 2695 quibus

114 2700 121 2707 “
201 2702 269 2743 hic
295 2703 405 2742 locus
432 2701 692 2741 circumfusus
720 2709 790 2752 est,
810 2701 1004 2756 dispicere
1030 2701 1135 2753 licet,
1155 2714 1203 2739 ex
1230 2701 1361 2756 verbis
1388 2715 1437 2739 ac
1464 2715 1579 2755 saepe
1605 2707 1696 2755 vagi
1719 2716 1852 2745 currus
1868 2734 1985 2746 .....
2001 2706 2259 2754 incursabant,
2277 2704 2526 2762 intelligitur,
2547 2706 2701 2765 equites

200 2771 383 2815 ronianos
411 2785 491 2812 non
516 2771 636 2811 modo
664 2784 755 2811 cum
781 2770 959 2824 peditatu
985 2770 1267 2809 Britannorum
1297 2777 1337 2807 et
1363 2769 1566 2826 iniquitate
1594 2771 1672 2810 loci
1701 2771 1957 2826 conflictatos,
1986 2774 2056 2815 sed
2084 2774 2200 2815 etiam
2229 2774 2453 2816 essedorum
2472 2775 2702 2819 interventu

202 2838 451 2896 perturbatos
480 2852 573 2881 esse.
615 2840 767 2902 >Pulsos
789 2846 921 2879 autem
950 2846 990 2879 et
1017 2839 1212 2894 dispersos
1236 2838 1355 2879 fuisse
1384 2838 1614 2892 essedarios,
1643 2850 1807 2897 apparet
1836 2850 1876 2881 et
1906 2855 1953 2881 ex
1982 2842 2050 2895 iis,
2080 2856 2179 2899 quae
2206 2857 2323 2900 supra
2352 2845 2543 2901 legimus,
2557 2847 2701 2899 fugere

203 2913 406 2955 covinarii‚
436 2915 477 2949 et
502 2921 549 2949 ex
576 2906 707 2950 verbis
733 2906 1055 2963 insequentibus:
1085 2913 1175 2958 vagi
1201 2923 1336 2947 currus
1351 2924 1365 2951 ,·
1398 2913 1573 2946 exterriti
1599 2914 1679 2947 sine
1704 2912 1914 2948 rectoribus
1941 2916 2035 2964 equi.
2092 2912 2231 2955 Verba
2258 2912 2401 2953 misere
2430 2922 2617 2971 corrupta
2637 2914 2699 2955 alii

205 2975 319 3025 aliter
345 2983 576 3018 tentarunt:
606 2974 789 3033 equidem
817 2974 940 3019 varias
975 2974 1080 3017 iuter
1113 2975 1356 3032 opinationes
1390 2975 1457 3016 diu
1488 2977 1736 3033 multumque
1769 2978 1930 3019 iactatus
1956 2980 2114 3019 tandem
2145 2981 2187 3019 in
2215 2981 2289 3021 hac
2318 2983 2580 3041 qualicunque
2608 2996 2699 3024 con-

204 3042 354 3097 iectura
381 3044 563 3102 perstiti:
592 3057 668 3087 nec
696 3044 800 3087 enim
830 3043 993 3101 aggredi
1020 3059 1101 3086 uno
1127 3044 1212 3087 ictu
1238 3053 1306 3086 aut
1324 3053 1480 3086 ‘restare
1516 3054 1720 3100 poterant,
1748 3047 1862 3089 simul
1900 3061 2093 3103 equorum
2119 3050 2355 3105 corporibus
2381 3052 2702 3108 impellerentur3

196 3124 249 3153 ‘ac
274 3125 391 3170 saepe
405 3137 460 3145 -
475 3113 734 3156 incursabant.
790 3114 977 3157 Ceterum
1001 3113 1129 3171 capite
1155 3113 1335 3171 sequenti
1359 3113 1572 3170 legendum
1600 3121 1659 3157 est
1688 3116 1858 3168 degredi.
1888 3115 1991 3158 conf.
2018 3132 2136 3174 supra
2164 3118 2215 3159 ad
2242 3133 2306 3176 cp.
2330 3120 2395 3161 18.

1343 3214 1428 3281 Cp.
1460 3218 1502 3267 5
1504 3218 1557 3265 9.

196 3367 199 3370 Ι
318 3318 439 3358 Hunc
472 3330 607 3360 rerum
635 3331 790 3361 cursum
818 3332 1050 3378 quamquam
1080 3319 1188 3361 nulla
1214 3318 1429 3363 verborum
1460 3319 1641 3363 iactantia
1670 3321 1844 3379 epistolis
1869 3322 2059 3381 Agricola
2086 3332 2239 3379 actum,
2275 3331 2319 3367 ut
2342 3323 2559 3368 Domitiani
2583 3323 2703 3369 moris

211 3392 306 3439 erat,
333 3383 465 3428 &onte
491 3387 629 3442 laetus,
654 3397 818 3445 pectore
844 3389 979 3434 anxius
1009 3388 1192 3446 excepit:
1216 3387 1344 3432 inerat
1372 3389 1607 3434 conscientia
1635 3398 1711 3434 cet.
2196 3390 2201 3393 '
2549 3395 2560 3403 ·
