2883 3661
852 233 855 235 ,
1261 213 1319 231 --
1373 179 1473 238 io
1487 216 1542 230 -
1571 228 1577 234 ,

133 299 245 351 pacta·
278 294 344 337 alii
381 292 525 336 aliter.
560 293 793 358 Brotierus,
817 293 1055 346 walchius,
1089 293 1263 336 Rothins
1296 290 1468 352 intelligi
1493 290 1635 337 volunt
1662 300 1780 336 me.-
1804 282 1964 357 «μῶυ
1966 284 2144 344 -ἧιιίῐίιιι
2151 298 2417 354 consenum,
2446 279 2581 362 ᾖς’,
2589 297 2652 358 ιιι,

140 363 758 423 ςιιίωεαιιοιιιίωιιιιιριιωιιι.
805 359 2008 424 ProbaecH.Beckeret1„Rothiuse!Vatic.Q
2029 362 2684 430 dmponermt.Atnei·e61-,',
2749 349 2786 359 ’ἡ

137 445 192 476 ne
213 432 294 477 hoc
320 432 453 491 ipsum
480 440 531 473 et
542 431 595 475 'sit
616 431 898 476 emendatione
927 440 1093 473 natumx
1122 441 1329 490 praeterea
1349 431 1450 474 illud
1475 431 1612 474 nescio
1640 431 1840 491 quomodo
1865 419 1943 475 hac
1969 418 2130 491 quidem
2152 435 2343 480 monh·
2361 444 2560 481 struem-a
2584 441 2656 489 ‘we-

140 502 354 545 hementer
386 500 581 559 displicet.
629 501 866 558 Saepissime
894 501 993 543 haec
1022 509 1062 542 et
1088 503 1200 549 hunt,
1231 503 1319 543 Ιιιιίσ
1356 510 1397 543 et
1423 503 1511 543 hinc
1542 508 1766 558 permutata
1797 507 1921 543 sunt.
1934 502 2016 544 sed
2040 503 2219 544 niuno-—
2247 510 2354 547 mit
2382 521 2536 567 parum
2551 507 2655 568 mim

138 571 344 630 prohamr.
386 570 490 627 illud
519 577 651 612 autem
678 583 840 628 semper
865 569 1049 628 equidem
1077 569 1295 627 suspicatus
1320 585 1420 622 sum,
1447 569 1629 627 sequenti
1654 568 1793 611 seditio
1813 579 1854 612 et
1872 569 2112 628 comp'enffio
2135 571 2355 632 scripturae
2380 573 2538 619 factum
2520 589 2655 637 esse,

139 648 187 682 ut
212 642 325 683 locus
351 620 650 698 depravaretur.
693 640 824 697 Finge
842 638 973 682 animo
995 639 1190 696 scriptum
1208 639 1354 682 fuisse·
1379 640 1456 681 hac
1468 639 1601 681 vdie&
1616 639 1790 681 sedicio:
1816 639 1842 681 i.
1859 653 1895 681 e.
1920 638 1997 682 hac
2024 639 2259 696 condicione
2276 632 2440 686 ueffifio
2423 658 2471 688 s.
2484 659 2519 689 s.
2533 645 2657 689 stetit.

251 844 309 883 Et
336 855 427 884 cnm
457 841 623 890 Cerialis
651 815 811 898 quidem
838 842 998 882 alterius
1026 842 1262 883 successoris
1297 856 1432 883 curam
1459 840 1680 899 fammque
1706 842 1924 895 obruisset,
1957 842 2145 884 mstinuit
2169 856 2327 901 quoque
2355 842 2502 887 molem
2527 846 2658 892 Julius

140 911 372 962 Frontinus,
401 910 465 951 vir
479 924 672 965 magnus,
700 916 890 966 quantum
917 909 1075 960 licebat,
1097 910 1341 966 validamque
1371 918 1412 951 et
1438 922 1661 965 pugnacem
1687 909 1758 953 Sil.
1776 924 1816 966 g.
1842 910 1960 952 armis
1982 910 2151 967 subegit.
2194 913 2386 955 Ernestus
2404 927 2480 970 pro
2497 915 2659 957 οἶαι-ιω

137 979 334 1036 scriptum
363 978 491 1022 voluit
518 982 679 1019 anusve
705 978 769 1019 vel
798 982 975 1032 cunasque
1001 979 1192 1019 alterius.
1217 978 1420 1019 Dronkius
1447 977 1528 1019 id
1515 992 1645 1034 ipsum
1672 977 1884 1035 significari
1908 979 2007 1021 dixit
2029 991 2129 1021 voce
2147 980 2336 1021 atta-ms.-
2361 981 2530 1023 alterum
2549 982 2657 1025 enim-

138 1060 412 1089 successorem
440 1054 482 1088 et
509 1046 733 1102 proximum
762 1058 847 1086 esse
876 1053 917 1086 et
943 1059 1082 1087 omnes
1111 1047 1312 1102 deinceps.
1351 1047 1562 1103 Utriusque
1590 1046 1821 1103 opinionem
1840 1046 2030 1090 refellens
2055 1050 2103 1090 L.
2119 1048 2334 1092 waic-hius
2360 1049 2521 1091 alterius
2546 1064 2656 1093 com

139 1124 254 1173 parat
281 1116 435 1194 graecis
462 1106 583 1171 nugo}
606 1106 661 1158 7oe
688 1122 730 1156 et
757 1101 911 1166 ἄλλος,
939 1122 1147 1171 totumque
1174 1116 1307 1156 locum
1334 1115 1377 1155 in
1396 1114 1685 1157 commentariis
1705 1115 1781 1158 hoc
1798 1115 1947 1159 modo
1934 1123 2248 1173 interpretatur·
2275 1116 2464 1160 wfewohl
2481 1118 2656 1162 Cerealis

138 1184 241 1227 auch
269 1184 377 1226 eines
404 1184 554 1226 andern
581 1183 619 1226 d.
644 1183 685 1226 h.
715 1186 927 1240 grosseren
952 1182 1216 1238 Nachfolgers
1244 1183 1380 1224 Ruhm
1408 1183 1520 1225 h‘a'tte
1537 1183 1786 1226 verdunkeln
1809 1184 1982 1227 Ιιδιιιιειι.
2025 1184 2101 1228 nis
2127 1183 2289 1239 addit,
2274 1200 2316 1226 ιιι
2343 1184 2554 1229 efferendo
2572 1190 2653 1230 Pe-

135 1253 223 1294 tilio
252 1253 436 1294 Tacitum
461 1252 536 1294 sibi
570 1260 833 1309 temperasse,
861 1266 913 1294 ne
942 1251 1182 1294 Frontinum
1210 1252 1327 1293 etiam
1355 1260 1453 1294 tunc
1478 1253 1730 1308 superstitem
1756 1243 1943 1296 laederet.
1968 1280 1972 1286 ·
1998 1253 2080 1296 Sed
2105 1253 2207 1297 haec
2235 1267 2311 1310 ego
2339 1267 2421 1296 non
2446 1256 2650 1298 extricem.

19 1299 23 1303 .
111 1374 113 1377 .
135 1323 239 1366 Nam
253 1321 286 1363 si
301 1335 506 1368 successor
522 1321 609 1363 talis
622 1317 779 1363 futurus
797 1328 894 1374 erat,
910 1321 978 1379 qui
994 1320 1130 1377 magis,
1146 1335 1262 1378 quam
1273 1320 1449 1373 Cerialis,
1469 1321 1694 1373 excelleret,
1705 1335 1786 1363 non
1803 1322 1935 1378 potuit
1942 1321 2044 1364 fama
2054 1330 2096 1365 et
2111 1335 2290 1379 cui-aper
2304 1322 2499 1366 Cerialem
2515 1324 2649 1366 obrui:

135 1391 198 1434 sin
217 1390 378 1432 Tacitus
393 1390 565 1446 intelligi
583 1391 669 1433 vult
685 1390 907 1441 meliorem,
925 1404 1041 1446 quam
1059 1389 1299 1431 Frontinum
1315 1404 1328 1443 3
1345 1390 1447 1430 male
1467 1389 1636 1430 consulit
1652 1390 1767 1431 huius
1786 1390 2072 1432 existimationi.
2098 1391 2297 1447 Equidem
2314 1393 2517 1435 mentio
2532 1394 2651 1438 Wal-

134 1460 268 1512 thero,
300 1459 369 1516 qui
396 1459 596 1515 explicatz
625 1459 842 1518 deterioris,
869 1474 987 1515 quam
1012 1458 1231 1499 Frontinus
1259 1466 1354 1499 erat.
1383 1457 1487 1510 (vid.
1504 1457 1587 1499 eius
1603 1466 1737 1500 annot.
1751 1458 1801 1500 ad
1818 1458 1859 1500 h.
1874 1457 1936 1511 1.).
1983 1457 2104 1512 Quod
2130 1458 2289 1510 docent,
2317 1453 2419 1501 alter
2444 1473 2563 1516 saepe
2588 1475 2653 1504 so-

136 1540 234 1569 nare
262 1532 383 1582 quivis
410 1529 513 1569 alius
542 1526 668 1581 (conf.
688 1527 806 1569 etiam
821 1527 1083 1583 Oudendorp.
1102 1527 1152 1568 ad
1167 1527 1456 1582 ApuLMetam.
1474 1527 1500 1567 l.
1509 1528 1573 1567 111.
1589 1526 1874 1583 p.177.Heyn.
1889 1526 1938 1568 ad
1947 1525 2094 1568 '1⁸ihull.
2111 1528 2180 1572 IV.
2197 1525 2361 1581 1.18.):
2388 1535 2448 1569 est
2473 1527 2527 1569 ita
2543 1520 2652 1583 sane,
2735 1551 2752 1557 e

132 1585 257 1637 modo
290 1608 342 1636 ne
366 1596 617 1651 ignoremus,
646 1610 698 1636 ne
726 1604 812 1636 tum
840 1596 1000 1652 quidem
1028 1597 1131 1636 altes-
1162 1595 1366 1651 propriam
1391 1594 1473 1637 vim
1500 1610 1610 1637 suam
1643 1595 1850 1646 amittere:
1879 1595 2060 1651 seligitur
2089 1595 2193 1637 enim
2222 1608 2270 1637 ex
2302 1608 2481 1637 numero«
2494 1595 2655 1639 infinito

132 1678 261 1705 unum
286 1663 446 1720 aliquid,
475 1665 584 1721 quod
610 1664 796 1721 quoniam
823 1663 963 1705 ordine
992 1663 1218 1719 proximum
1247 1670 1307 1703 est
1333 1663 1382 1703 ab
1408 1676 1480 1715 eo,
1508 1663 1618 1705 cuius
1646 1663 1724 1704 iam
1750 1662 1900 1705 mentio
1926 1663 2029 1705 fincta
2056 1671 2137 1716 est,
2165 1664 2252 1705 iure
2281 1665 2445 1706 alterum
2475 1673 2651 1718 vocatur,

134 1730 248 1775 velut
273 1735 468 1773 nostrates
494 1740 686 1788 usurpant
715 1748 737 1772 »
750 1732 815 1773 ein
842 1732 1030 1774 Zweiter.
1043 1743 1066 1768 κ
1118 1731 1242 1776 Valet
1267 1730 1392 1786 igitur
1418 1732 1580 1772 alternas
1604 1744 1738 1774 succ:
1768 1732 1837 1773 des
1864 1732 2171 1774 unmittelbaren
2198 1731 2472 1789 Nachfolgers.
2525 1733 2658 1776 Nimi-

132 1815 226 1843 rum
254 1815 333 1857 quo
361 1809 446 1841 erat
471 1814 608 1841 rerum
638 1816 660 1841 a
686 1800 834 1841 Petilio
860 1808 1060 1855 gestarum
1086 1799 1277 1841 memoria
1300 1798 1515 1850 recentior,
1539 1812 1588 1840 eo
1616 1795 1700 1841 erat
1726 1798 1944 1851 difficilius,
1973 1800 2131 1841 laudem
2155 1800 2259 1842 illius
2286 1815 2368 1842 non
2386 1801 2506 1842 modo
2532 1814 2656 1860 supe-

134 1882 239 1920 rare,
267 1867 339 1910 sed
366 1880 546 1925 aequare.
594 1883 737 1924 quoque
766 1867 979 1912 Walchius
1012 1868 1294 1923 interpretatus
1323 1875 1411 1909 est:
1447 1867 1511 1909 die
1539 1870 1634 1909 Last
1660 1867 1794 1909 hielt
1819 1868 1942 1910 auch
1968 1869 2005 1910 J.
2032 1870 2131 1921 Fr.;
2153 1867 2206 1909 ad
2228 1881 2375 1909 nomen
2399 1869 2435 1910 J.
2463 1869 2651 1910 Frontini

130 1936 338 1979 retorsisse
376 1950 466 1978 eum
497 1952 642 1992 quoque
671 1936 853 1993 equidem
882 1951 964 1978 non
998 1936 1250 1992 putaverim3
1277 1935 1321 1977 id
1348 1935 1454 1976 enim
1481 1935 1731 1992 hyperbaton
1763 1936 1863 1977 ferri
1888 1950 1972 1978 non
1997 1944 2163 1993 posset;
2185 1936 2447 1993 ‹piamobrem¹
2469 1937 2572 1978 Hist.
2600 1939 2652 1978 11.

130 2004 201 2049 23.
227 2012 341 2046 recte
364 2019 472 2046 nunc
492 2004 921 2061 repositum-existimo
947 2019 1013 2045 cos
1041 2019 1185 2059 quoque
1213 2004 1345 2044 Otho.-
1370 2005 1440 2044 sed
1469 2003 1593 2045 fracta
1616 2004 1733 2045 huius
1749 2005 1969 2060 particulae
1987 2005 2024 2046 vi
2042 2005 2274 2045 sententiam
2294 2018 2457 2062 quoque·
2475 2005 2537 2046 vir
2553 2006 2654 2047 doc-

127 2073 302 2115 tissimus
332 2072 565 2115 debilitavit.
609 2072 821 2115 Biitti‘cher
848 2073 1029 2116 Walchii
1054 2072 1219 2128 vestigia
1245 2072 1372 2127 legit3
1402 2071 1712 2123 strombecldm,
1728 2073 2026 2122 Woltmannus,
2044 2072 2112 2112 alii
2125 2072 2238 2128 peius
2256 2073 2384 2113 etiam.
2426 2074 2482 2114 At
2500 2089 2650 2129 quoquo-

130 2143 240 2185 valet
265 2155 412 2197 sogar
427 2156 439 2195 ;
466 2141 509 2182 in
536 2156 613 2199 qua
639 2155 684 2182 re
711 2143 759 2182 L.
784 2141 994 2193 Rothium,
1022 2141 1132 2183 cuins
1163 2140 1306 2192 editio,
1332 2153 1422 2181 cum
1443 2140 1542 2181 haec
1570 2139 1647 2180 iam
1671 2140 1818 2196 scripta
1844 2148 1979 2193 erant,
2003 2139 2056 2181 ad
2081 2153 2152 2180 me
2178 2140 2290 2180 allata
2320 2148 2392 2192 est,
2424 2143 2654 2183 consentire·
2706 2132 2709 2134 ’

134 2223 296 2252 mecum
332 2210 534 2266 cognovi:
583 2209 687 2251 conf.
714 2209 818 2251 Hist.
846 2211 912 2250 111.
939 2211 1006 2251 55.
1035 2210 1102 2251 56.
1130 2208 1234 2250 Ann.
1263 2211 1330 2254 vt.
1357 2210 1395 2250 6.
1423 2211 1511 2253 XV.
1540 2209 1606 2250 58.
1635 2209 1738 2250 alibi.
1764 2213 1866 2265 Nep.
1896 2209 1980 2250 Att.
2008 2222 2075 2264 cp.
2100 2209 2145 2249 6.
2165 2207 2268 2248 Ptin.
2298 2209 2402 2250 Hist.
2426 2212 2517 2251 Nat.
2543 2212 2653 2255 vm.

129 2277 228 2321 21.:
264 2279 400 2334 paullo
435 2285 526 2319 ante
566 2277 671 2323 enim
707 2276 800 2334 (cp.
819 2277 860 2317 ⁷.
876 2292 915 2333 p.
935 2275 1030 2318 338.
1047 2278 1109 2318 ed.
1128 2276 1301 2329 Franz.)
1337 2277 1386 2317 de
1416 2278 1717 2332 elephantorum
1753 2277 1962 2317 clementia
1993 2276 2193 2329 narravit3
2230 2275 2368 2328 Quint.
2395 2280 2444 2319 X.
2472 2278 2510 2318 1.
2539 2278 2649 2331 125;

130 2345 250 2388 Ovid.
266 2349 364 2388 Met.
378 2348 447 2391 VI.
473 2346 542 2388 27.
588 2348 643 2388 Ut
667 2347 792 2403 igitur
816 2347 877 2387 his
904 2346 1000 2387 locis
1027 2361 1049 2386 a
1074 2346 1220 2387 minori
1240 2345 1290 2387 ad
1306 2345 1429 2386 maius
1456 2345 1604 2402 aliquid
1628 2345 1754 2386 oratio
1780 2345 1975 2402 procedit,
2001 2345 2054 2386 ita
2080 2344 2159 2386 hoc
2186 2345 2277 2386 Ioco
2306 2344 2532 2401 intelliges:
2562 2361 2645 2388 non

128 2415 250 2456 modo
279 2428 361 2455 non
390 2415 555 2455 obrutus
584 2423 654 2466 est,
673 2416 744 2455 sed
761 2415 946 2456 sustinuit
964 2414 1081 2455 etiam
1097 2416 1256 2456 molem.
1298 2414 1426 2455 Multo
1456 2428 1547 2455 cum
1574 2415 1733 2456 delectu
1759 2420 1936 2455 sustinuit
1963 2414 2114 2454 dictim}
2139 2422 2210 2465 est,
2224 2414 2482 2456 antecedente
2498 2417 2643 2455 obruis-

129 2491 199 2523 set.
253 2483 381 2524 Sicuti
409 2497 507 2526 vero
541 2483 590 2523 ad
616 2483 914 2539 significandam
948 2484 1095 2523 molem
1131 2482 1373 2538 aptissimum
1396 2483 1564 2524 verbum
1593 2485 1774 2530 obruere,
1809 2483 1868 2523 sic
1892 2487 2077 2522 wtinere
2106 2482 2267 2537 egregie
2293 2482 2475 2538 depingit
2499 2482 2646 2525 virium

128 2551 440 2604 contentionem,
461 2566 537 2610 qua
557 2552 774 2593 Frontinus
794 2551 1075 2602 difficultatem
1101 2551 1251 2607 negotii
1272 2552 1463 2591 eluctatus
1490 2551 1552 2591 sit.
1581 2550 1728 2608 'Atque
1756 2551 1924 2592 maximo
1950 2564 2086 2606 opere,
2115 2564 2215 2606 quae
2238 2550 2400 2592 Cerialis
2425 2559 2651 2607 receperat,

127 2622 160 2661 is
187 2630 361 2673 tutatus;
387 2635 486 2678 quae
516 2623 584 2662 ille
622 2628 897 2678 coeptaverat,
932 2630 1165 2679 persecutus
1206 2630 1265 2661 est
1302 2629 1420 2676 atque
1454 2620 1621 2663 validam
1638 2617 1831 2662 ‘snumm
1866 2628 2033 2676 gentem
2064 2619 2284 2676 subigendo
2329 2619 2445 2662 etiam
2477 2618 2646 2662 adauxit.

128 2691 262 2733 Verba
290 2691 461 2747 denique
490 2700 670 2744 quantum
698 2693 852 2738 licebat,
874 2706 955 2731 non
983 2691 1032 2731 ad
1062 2691 1194 2731 laudes
1214 2689 1375 2731 Cerialis
1392 2703 1524 2745 neque
1548 2689 1597 2741 ad
1629 2698 1810 2745 tempus,
1842 2704 1923 2745 quo
1949 2688 2166 2731 Frontinus
2193 2688 2423 2732 Britanniae
2447 2696 2648 2746 praeerat,

128 2760 333 2809 traxerim,
379 2759 450 2799 sed
480 2759 726 2814 iniquitatem
756 2757 983 2815 temporum
1010 2760 1194 2810 illorum,
1230 2774 1305 2813 qua
1340 2757 1521 2812 insignis,
1543 2772 1720 2815 quaeque
1755 2758 1879 2800 virtus
1915 2771 2138 2815 compressa
2174 2765 2256 2810 est,
2285 2758 2348 2803 his
2383 2756 2516 2803 verbis
2548 2770 2648 2816 per-

126 2827 268 2882 stringi
300 2828 479 2868 existimo
508 2820 607 2880 (tid.
624 2828 766 2870 Poleni
784 2830 862 2870 vita
878 2827 1179 2881 Front.§.17.).
1220 2828 1310 2869 Jam
1339 2833 1468 2867 totum
1498 2826 1629 2868 locum
1658 2826 1918 2869 transferam:

241 2896 471 2937 Schreckcn
499 2897 664 2937 biachte
691 2897 869 2952 sogleich
897 2898 998 2938 fiber
1020 2896 1077 2938 sie
1106 2896 1271 2938 Petilius
1291 2895 1453 2938 Cerialis
1483 2896 1609 2938 durch
1639 2896 1776 2938 seinen
1794 2895 1971 2953 Angriff
1988 2895 2066 2938 auf
2081 2896 2159 2938 den
2186 2897 2295 2938 Staat
2321 2894 2393 2936 der
2413 2895 2645 2949 Briganter,

128 2964 306 3005 welcher
338 2966 393 3006 als
430 2966 502 3006 der
528 2965 795 3007 volkreichste
833 2966 906 3007 der
940 2979 1093 3021 ganzen
1122 2965 1298 3007 P‘r0vinz
1327 2964 1562 3020 angegeben
1589 2964 1695 3007 wird
1717 2988 1774 2995 —
1798 2964 1901 3008 viele
1927 2965 2169 3008 Schlachten
2198 2963 2277 3005 und
2306 2963 2498 3004 mitunter
2524 2962 2635 3003 nicht

124 3031 357 3086 unblufige,
392 3033 473 3074 und
502 3033 629 3075 sofort
661 3032 839 3090 umfieng
868 3047 913 3075 er
943 3032 1060 3075 einen
1094 3047 1257 3089 grossen
1292 3032 1411 3076 'I'heil
1445 3033 1515 3074 des
1541 3033 1928 3090 Briganter-Landes
1959 3033 2002 3074 in
2029 3033 2127 3089 Sieg
2156 3022 2255 3073 oder
2280 3030 2453 3087 Angriff
2472 3052 2527 3059 —
2551 3030 2635 3070 und

123 3113 245 3141 wenn
274 3101 376 3142 auch
405 3101 468 3142 ein
498 3102 660 3144 Cerialis
688 3100 760 3143 auf
784 3102 854 3143 des
880 3101 1134 3143 unmittelhax
1136 3114 1185 3142 en
1213 3101 1475 3157 Nachfolgers
1498 3105 1616 3143 Besn
1617 3103 1804 3158 ebungen
1831 3102 1913 3142 und
1930 3102 2024 3142 Ruf
2035 3102 2107 3141 mit
2134 3099 2637 3141 erdrffekemlerSchwere

124 3168 248 3209 lasten
275 3170 435 3220 musste,
459 3184 502 3212 so
528 3171 656 3213 ltisete
682 3170 787 3212 doch
817 3169 1020 3227 glsuchlich
1047 3182 1165 3226 sogar
1189 3169 1255 3210 die
1283 3169 1521 3227 grossartige
1536 3170 1720 3227 Aufgabe
1749 3171 1828 3211 Jul.
1854 3158 2085 3222 Frontinus,
2113 3169 2190 3220 ein,
2216 3167 2358 3208 soweit
2383 3180 2423 3207 es
2450 3173 2635 3228 gestattet
2684 3197 2688 3201 .

124 3251 161 3277 w
166 3252 229 3288 ιι
259 3237 610 3293 attsgezeichueter
645 3240 788 3291 Mann,
825 3239 907 3281 und
945 3237 1170 3279 unterwarf
1197 3239 1264 3279 das
1295 3239 1496 3294 ma‘chtige
1526 3240 1609 3279 und
1620 3202 1849 3279 ostreithare
1876 3239 1982 3281 von«
2019 3239 2104 3278 der
2118 3238 2188 3277 Sil.
2214 3236 2288 3276 mit
2315 3234 2637 3289 Waffengewalt

121 3319 160 3344 u.
190 3320 219 3344 s.
250 3321 298 3346 ιι.
320 3329 375 3336 -
392 3309 437 3347 In
466 3308 719 3363 sequentibus
745 3307 962 3359 Dron'ltius,
988 3311 1041 3348 H.
1069 3308 1240 3359 Becker,
1269 3308 1454 3358 Rothius,
1476 3308 1670 3351 WValther
1694 3309 1934 3361 locorumque
1962 3312 2232 3361 receperunt.
2260 3304 2395 3353 ceteri,
2424 3302 2531 3360 quod
2558 3313 2639 3356 ego

119 3373 253 3424 sciam,
284 3388 419 3416 omnes
446 3377 617 3416 locorum
645 3391 800 3444 quoque.
843 3378 900 3416 Et
928 3375 1100 3418 Rothius
1127 3377 1295 3418 Excurs.
1321 3378 1435 3419 XXV
1441 3378 1500 3421 [ΙΙ.
1527 3376 1685 3420 walth.
1713 3376 1763 3417 ad
1791 3376 1895 3416 Ann.
1923 3377 1950 3415 1.
1979 3375 2045 3416 28.
2076 3372 2207 3413 multis
2234 3372 2422 3429 exemplis
2451 3383 2638 3426 compro—

114 3441 213 3482 bare
239 3442 412 3494 student,
441 3459 511 3499 que
536 3443 763 3501 significare
785 3445 905 3487 etiam
934 3460 1091 3501 quoque.
1143 3445 1243 3487 Mihi
1270 3458 1498 3501 persuasum
1529 3453 1602 3497 est,
1626 3442 1842 3502 particulae
1866 3458 1937 3499 que
1963 3442 2110 3499 ubique
2137 3456 2254 3483 unam
2283 3440 2524 3496 eandemque
2551 3437 2634 3493 sig·

117 3509 386 3553 nificationem
412 3524 511 3567 esse,
539 3514 609 3555 sed
635 3514 743 3557 varie
772 3527 859 3555 eam
887 3515 1071 3569 colorari,
1097 3514 1145 3567 si,
1172 3514 1504 3572 quemadmodum
1528 3514 1745 3558 sententiae
1770 3514 1875 3555 inter
1902 3525 1943 3556 se
1974 3511 2223 3565 cohaereant,
2240 3510 2392 3553 ratione
2422 3521 2467 3551 ac
2484 3506 2635 3550 iudicio
2681 3504 2684 3507 “
