2883 3661
141 109 562 169 neminterpretzndo
590 108 1432 174 ὴαιοήἣῐαίεωῒοᾶαηιωαςὶανοιφα.
1474 108 1954 164 'h-anflfoeadvoeffin·
1977 110 2658 172 bdoehqwkupssq—qm
2712 94 2717 97 ¹
2779 77 2782 80 ⁴

141 181 215 223 ilm
240 180 458 236 Vespasiani
484 178 588 219 uber
615 178 681 220 die
708 178 884 220 Provim
910 177 1165 234 Aquitanica,
1190 178 1259 218 bei
1283 180 1367 220 site
1392 178 1437 220 iu
1460 180 1594 234 Folge
1618 178 1703 221 sive
1726 179 1896 230 ml*
1920 179 2505 241 duva-mmm*
2512 182 2659 246 beuu-

143 245 250 294 ders
265 247 511 307 glanzender
539 247 725 298 Wurde,
761 259 807 287 so
831 245 912 287 wie
937 245 1012 287 da·
1038 244 1257 301 Hoffnung
1283 244 1444 288 auf&-
1471 246 1670 289 Gonsuht.
1719 249 1864 310 Haec,
1874 257 2037 308 aperte
2035 248 2185 301 ὅπου,
2200 249 2313 293 milii
2336 231 2658 310 nomed-{h

145 320 318 374 placent.
375 316 490 373 Quae
517 315 688 371 denique
713 314 888 356 Rotbius
914 314 1095 370 requirit,
1122 322 1233 355 ot-
1247 323 1288 355 et
1312 322 1396 355 aut
1405 320 1497 368 ipsa
1521 314 1637 366 adm„
1655 329 1740 358 non
1764 316 1820 358 ita
1848 306 2134 370 ἆαιίἆαταω,
2160 312 2342 374 sequenti
2367 318 2573 376 perfinia
2584 335 2660 364 nc.-

147 386 199 427 de
227 385 340 426 cuius
367 382 658 459 signiiicatione
685 380 766 424 vid.
793 384 972 438 Herzog.
998 381 1048 423 ad
1076 383 1185 424 Caes.
1213 381 1252 422 b.
1270 383 1399 437 g.1v.
1424 383 1492 426 25.
1518 389 1561 424 et
1584 382 1853 426 Perenna.
1877 383 2505 446 Tuoeltrmtp..4saqq.
2532 386 2657 442 Qun

147 467 241 497 cum
268 452 324 496 ita
348 451 438 505 sint,
464 449 498 493 si
527 463 714 507 genuam
739 457 800 494 est
822 449 1359 508 smipmpotimndemr
1385 462 1483 504 esse,
1509 463 1600 503 cum
1626 449 1769 502 ceteris
1793 450 2078 513 interpretibus
2102 453 2660 512 πόἰπᾱπωαᾰηωῡαηηοκ

146 520 315 577 iungere
344 534 436 562 cum
461 532 562 562 voce
588 519 827 573 splendidae.
866 518 1210 571 Quemadmodum
1237 526 1371 561 autem
1395 519 1486 562 Liv-
1499 520 1605 562 XXI‘.
1619 518 1717 562 21..
1734 519 1886 563 bellum
1908 520 2084 577 ingentis
2100 521 2256 578 ‘lmine
2282 521 2531 581 praedaeque
2551 523 2660 569 fetu

148 606 262 642 rum,
299 588 427 631 dixit.
456 587 513 630 sic
542 587 622 630 hoc
649 588 741 631 loco
776 586 925 629 dictum
957 594 1090 643 puto.
1117 586 1422 642 splendidae——
1445 587 1685 640 Qumis
1673 602 1700 631 ι.
1727 600 1762 630 e.
1788 601 1889 646 quae
1920 588 2128 646 provincia
2152 589 2415 648 splendidam
2423 590 2669 648 digamam.

139 657 252 716 tulit.
282 655 415 710 (conf.
428 657 497 702 VI.
514 656 619 698 Ann.
637 654 734 698 27..
752 662 792 697 et
807 669 889 697 non
903 654 1094 712 permissa
1108 653 1315 713 provincia
1331 654 1598 712 dignationem
1612 654 1879 710 eddiderat).
1899 659 1988 700 Nec
2011 664 2144 710 tamen
2165 670 2237 708 me
2260 657 2376 717 piget
2399 659 2552 702 referre
2576 672 2660 705 αιια·

150 725 373 802 picionem,
399 736 500 782 quae
529 724 757 785 aliquando
765 723 871 764 mihi
890 723 1052 765 suborta
1087 732 1157 765 est.
1213 723 1441 781 Suspicatus
1467 723 1655 784 nimirum
1682 737 1791 775 sum,
1818 725 1897 766 loci
1922 712 2202 769 difficultatem
2230 734 2362 769 natan
2386 727 2589 771 oedunua
2614 727 2662 769 li·

150 794 284 846 bran-ii,
303 793 371 853 qui
400 806 494 834 cum
520 793 775 834 scribendum
802 800 903 834 esset
920 793 1110 843 dxgrnz‘tate
1127 793 1486 840 administratimis,
1514 805 1623 833 casus
1648 792 1868 844 inverterit.
1907 794 2021 846 Quae
2037 795 2212 850 mpicio
2241 796 2274 837 si
2301 809 2383 836 non
2399 796 2584 839 audacior
2596 797 2662 848 sit,

150 864 324 918 legam.
348 851 579 918 provinciae
616 860 873 923 Aquitaniae,
907 860 1137 916 splendidae
1174 860 1367 916 imprimis
1400 860 1591 917 dignitate
1623 860 1965 917 adminiswationis
2001 875 2048 903 ac
2073 875 2146 917 spe
2174 861 2408 905 consulante.
2450 863 2660 906 Amin.

150 931 328 972 Marcell.
354 932 443 974 XV.
472 930 568 970 11.·
601 929 676 970 hae
710 928 940 984 provinciae
976 929 1173 987 urbesque
1209 937 1301 970 sunt
1335 928 1563 1007 splendidae
1598 928 1826 981 Galliarum.
1881 931 1928 971 In
1952 929 2161 987 Aquitania
2197 938 2274 972 cet.
2306 934 2443 988 Nepo-
2469 945 2508 973 ν.
2527 929 2659 973 Alcib.

149 999 219 1040 11.
248 998 433 1048 Athenis,
462 996 776 1052 splendidissima
800 997 971 1039 civitate.
1013 998 1175 1052 Ellipsis
1200 997 1443 1053 pronominis
1471 1013 1555 1038 eum
1584 1005 1643 1038 est
1669 997 1775 1038 haud
1802 997 1922 1039 dubie
1947 997 2113 1040 durior.
2137 998 2208 1041 sed
2233 998 2448 1054 mitigatur,
2475 987 2603 1056 quod
2599 1014 2660 1040 re—

145 1073 366 1113 vertentem,
392 1064 442 1105 ad
458 1064 564 1121 quod
581 1072 713 1109 cetera
742 1064 984 1116 referuntur,
1011 1064 1124 1106 initio
1151 1065 1270 1106 totius
1299 1065 1516 1106 sententiae
1537 1056 1710 1122 positum
1728 1072 1800 1117 est,
1817 1066 1929 1107 velut
1944 1064 2044 1107 Hist.
2062 1068 2092 1107 1.
2110 1066 2178 1108 8η
2205 1064 2333 1118 fuere,
2351 1066 2419 1123 qui
2436 1066 2661 1118 oeedeoent,

152 1133 390 1190 Capitonem
408 1161 536 1172 .....
562 1140 773 1189 postquam
798 1133 1006 1188 impellere
1035 1133 1298 1188 nequiverint.
1353 1136 1494 1176 Horat.
1518 1135 1547 1173 Ι.
1565 1134 1692 1174 Serm.
1711 1133 1752 1173 4.
1769 1132 1838 1174 70.
1857 1148 1868 1173 z
1896 1146 1987 1175 cum
2002 1135 2151 1174 libellos
2176 1134 2219 1174 in
2237 1142 2416 1175 extremo
2444 1146 2561 1175 verm
2587 1147 2681 1189 po-.

152 1201 273 1243 situm
294 1213 408 1240 aures
436 1207 638 1256 personet,
668 1214 734 1239 eos
762 1199 1006 1239 adverbum
1031 1206 1198 1239 recitare
1224 1199 1353 1239 omitti
1378 1200 1522 1255 potuit.
1579 1201 1691 1240 Guil.
1710 1201 1922 1242 Bettieher
1947 1201 2261 1255 interpretatur:
2291 1208 2353 1242 cui
2378 1216 2465 1247 em
2491 1203 2660 1242 destina·

151 1278 232 1311 rat.
272 1270 376 1310 Sane
400 1276 559 1310 veteres
577 1267 773 1318 dixerunt,
783 1268 986 1307 destinat-e
1014 1269 1131 1307 alicui
1147 1272 1385 1320 provinciam
1415 1266 1486 1319 (cf.
1501 1267 1588 1310 Liv.
1602 1270 1707 1309 xxl.
1723 1269 1792 1310 22.
1808 1270 1987 1312 XXVIII.
2002 1267 2071 1310 40.
2087 1277 2128 1310 et
2142 1268 2242 1311 infra
2259 1283 2321 1325 cp.
2335 1267 2426 1322 40.)
2455 1267 2661 1311 etlocutio

154 1339 372 1379 consulatui
397 1339 563 1392 aliquem
590 1337 759 1376 destinat
783 1334 940 1376 redolet
967 1334 1095 1375 Taciti
1118 1342 1311 1375 aetatem:
1342 1334 1413 1375 sed
1439 1349 1531 1376 cum
1560 1340 1621 1375 cui
1639 1334 1768 1377 valeat
1791 1340 1828 1376 si
1853 1341 1928 1382 cui,
1951 1335 2212 1379 vehementer
2238 1336 2390 1388 dubito,
2415 1352 2465 1378 an
2484 1334 2663 1378 indicati·

154 1421 228 1450 vus
253 1406 351 1447 ferri
385 1406 521 1462 possit.
578 1407 766 1446 Ceterum
796 1419 877 1461 quo
911 1412 1074 1445 auctore
1109 1405 1302 1445 Ernestus
1338 1403 1678 1459 comprobaverit,
1712 1403 1959 1459 provinciam
1991 1404 2240 1461 Aquitaniam
2265 1419 2341 1461 per
2366 1418 2409 1448 se
2436 1405 2585 1458 aditum
2612 1404 2663 1453 ad

155 1475 404 1517 consulatum
432 1473 644 1530 aperuisse,
672 1472 818 1513 nescio.
874 1472 1053 1515 Suetonii
1077 1473 1167 1512 loco
1196 1471 1285 1523 (vit.
1300 1472 1413 1512 Galb.
1429 1485 1491 1527 cp.
1506 1471 1565 1523 8.)
1594 1472 1755 1527 probari
1781 1472 1823 1512 id
1850 1471 1999 1528 nequit.
2054 1472 2398 1524 Quemadmodum
2422 1485 2520 1514 vero
2540 1471 2663 1513 verba

153 1550 217 1584 cui
244 1542 461 1583 consulatui
487 1557 571 1581 eum
599 1542 832 1587 destmarat,
860 1548 1088 1596 propterea,
1116 1540 1223 1596 quod
1250 1540 1351 1580 infra
1378 1547 1592 1596 sequantur
1619 1541 1680 1580 ad
1702 1555 1806 1593 spem
1834 1541 2053 1582 consulatus
2079 1549 2282 1590 revocatus
2305 1549 2378 1589 est,
2403 1532 2662 1595 ‘rov‘iwylm

154 1611 308 1668 sapiant
336 1609 437 1663 (vid.
452 1608 630 1650 Bottich.
645 1616 777 1649 annot.
791 1607 840 1648 ad
854 1607 894 1648 h.
909 1607 970 1658 l.)‚
1000 1622 1080 1649 non
1108 1607 1320 1663 perspicio.

182 1719 188 1724 ,
268 1678 385 1719 Nulla
413 1677 515 1734 ultra
542 1675 747 1731 potestatis
781 1688 949 1729 persona
977 1675 1174 1717 tristitiam
1203 1683 1244 1714 et
1270 1676 1469 1716 avaritimn
1499 1683 1681 1727 exuerat,
1710 1688 1785 1716 nec
1809 1675 1890 1726 illi,
1916 1675 2022 1731 quod
2050 1683 2110 1716 est
2133 1675 2372 1717 rarissimum
2389 1700 2444 1708 -
2472 1676 2663 1719 diminuit.

273 1746 389 1793 Nabla
415 1745 522 1783 ultra
546 1748 752 1797 potestatis
777 1758 947 1795 persona
982 1742 1091 1781 dedit
1119 1742 1269 1796 primus
1295 1744 1531 1791 Rhenanus,
1564 1746 1683 1798 quem
1716 1742 1898 1797 plerique
1907 1734 2195 1783 “recentiorum
2214 1743 2347 1798 secuti
2367 1753 2486 1784 sunt:
2513 1746 2566 1784 H.
2583 1746 2664 1784 Be·

157 1816 256 1855 cker
286 1821 438 1862 tamen,
468 1811 673 1851 Her-telius
703 1818 742 1850 et
769 1810 939 1850 Rothius
965 1809 1200 1864 scripturam
1231 1810 1358 1853 vatic.
1386 1810 1509 1851 3929.
1538 1805 1653 1865 atque
1679 1818 1774 1850 vett.
1802 1810 1888 1851 cod.
1913 1812 2058 1851 nullam
2085 1812 2191 1851 ultra
2215 1820 2295 1864 pot.
2317 1826 2522 1865 personam
2549 1820 2664 1852 tuen-

157 1890 251 1921 tur:
282 1895 372 1920 nam
401 1892 449 1920 ex
478 1878 657 1934 sequenti
695 1873 835 1917 exuere
861 1877 990 1932 repeti
1027 1877 1176 1917 debere
1204 1879 1336 1917 induit.
1393 1881 1508 1917 Hanc
1543 1877 1770 1932 opinionem
1809 1877 1980 1919 Rothius
2016 1879 2206 1934 exemplis
2241 1878 2471 1934 quibusdam
2495 1867 2663 1921 'firmare

157 1956 321 1990 conatus
357 1955 417 1988 est
449 1946 558 2000 (vid.
576 1945 728 1986 excurs.
743 1944 811 1989 32.
829 1944 922 1996 1.):
952 1953 991 1985 at
1018 1958 1114 1985 vero
1142 1944 1188 1984 iis
1218 1944 1317 1986 nihil
1344 1944 1452 1994 aliud
1478 1944 1780 2000 comprobatur,
1817 1945 1891 1986 nisi
1922 1945 2103 1986 Tacitum
2130 1959 2287 2002 quoque
2317 1946 2514 1990 audaciori
2543 1947 2664 1987 inter-

157 2018 254 2059 dum
281 2022 490 2072 zeugmate
517 2029 631 2055 usum
659 2027 755 2054 esse.
799 2016 910 2054 Haec
938 2011 1079 2068 figura,
1098 2012 1286 2053 acuminis
1300 2019 1420 2068 *atque
1440 2012 1641 2054 brevitatis
1663 2026 1776 2053 causa
1793 2012 1965 2064 inventa,
1984 2012 2254 2069 frequentatur
2272 2029 2294 2054 a
2312 2014 2441 2069 poetis
2457 2031 2469 2067 3
2487 2015 2528 2055 in
2547 2029 2663 2070 prosa
2732 2023 2737 2034 “

159 2085 362 2135 oratione,
391 2098 471 2140 quo
502 2077 719 2123 modestior
747 2095 792 2122 ea
821 2090 861 2122 et
886 2081 1026 2136 purior
1053 2090 1131 2132 est,
1172 2095 1219 2120 eo
1249 2081 1376 2121 rarior
1403 2081 1487 2136 ipsa
1519 2095 1564 2121 ac
1595 2080 1722 2121 lenior
1754 2088 1841 2121 est:
1871 2096 1950 2137 quo
1976 2089 2108 2122 autem
2133 2082 2257 2136 magis
2282 2082 2410 2122 fiacata
2439 2092 2498 2123 est
2524 2082 2666 2134 oratio,

160 2167 210 2194 eo
238 2152 487 2208 frequentior
523 2150 612 2191 fieri
638 2151 741 2191 solet
778 2159 818 2191 et
852 2158 957 2191 tanta
992 2162 1109 2204 saepe
1140 2162 1223 2189 esse
1251 2149 1431 2200 audacia,
1467 2158 1512 2191 ut
1539 2149 1637 2191 nihil
1662 2156 1870 2203 poetarum
1898 2149 2079 2190 audaciae
2110 2148 2235 2190 cedat.
2290 2149 2368 2190 Ubi
2406 2152 2556 2190 verbum
2590 2164 2665 2205 per

157 2235 326 2276 zeugma
354 2235 476 2259 unum
499 2218 681 2274 pluribus
708 2218 958 2258 substantivis
986 2217 1165 2258 iunctum
1195 2226 1266 2266 est,
1296 2226 1463 2273 quatuor
1478 2216 1739 2272 §potissimum
1764 2217 1892 2257 modis
1921 2217 1975 2267 id,
2004 2216 2111 2273 quod
2139 2216 2387 2259 substantivis
2413 2217 2588 2274 quamvis
2607 2218 2666 2260 di-

157 2289 282 2333 versis
309 2287 540 2337 conveniat,
567 2286 737 2328 inveniri
763 2293 907 2342 potest.
964 2285 1126 2330 Etenim
1150 2293 1223 2325 aut.
1246 2285 1454 2342 veriloquii
1485 2299 1564 2341 ope
1593 2284 1755 2342 propria
1785 2284 1866 2327 eius
1894 2284 2007 2327 verbi
2032 2284 2112 2337 vis,
2140 2298 2239 2342 quae
2265 2299 2346 2327 non
2373 2300 2463 2328 raro
2489 2285 2665 2328 obsoleta

160 2365 222 2399 est
247 2365 287 2397 et
314 2355 521 2411 antiquata,
551 2354 729 2409 indagari
756 2363 797 2395 et
821 2353 986 2406 retineri
1015 2353 1147 2407 debet,
1178 2361 1244 2393 aut
1269 2368 1361 2394 cum
1388 2353 1586 2394 interdum
1614 2352 1777 2408 propria
1805 2361 1847 2394 et
1873 2353 2054 2409 translata
2085 2352 2260 2394 eiusdem
2286 2354 2400 2395 verbi
2417 2353 2667 2409 significatio·
2709 2346 2715 2352 ⁶
2796 2383 2803 2390 .

157 2437 229 2465 nes
260 2422 445 2463 confusae
473 2423 563 2472 sint,
592 2435 656 2461 eas
676 2422 758 2462 'iam
784 2421 943 2461 dissolvi
970 2435 1016 2462 ac
1038 2421 1170 2464 dirimi
1197 2434 1386 2473 necesse3
1413 2429 1480 2461 aut
1508 2431 1555 2460 ex
1581 2421 1695 2462 verbi
1721 2418 2007 2475 significatione
2034 2419 2076 2460 id
2093 2420 2328 2461 eliciendum
2359 2429 2431 2470 est,
2458 2421 2564 2476 quod
2586 2421 2666 2461 ani-

158 2507 269 2534 mum
296 2507 318 2533 a
343 2499 458 2548 parte
488 2491 538 2532 ad
566 2504 690 2546 genus
721 2489 911 2541 traducat,
939 2497 1006 2530 ant
1034 2489 1205 2545 denique
1235 2497 1317 2530 tota
1346 2489 1507 2540 locutio,
1536 2502 1643 2545 quae.
1662 2489 1788 2531 verbo
1816 2496 1858 2529 et
1883 2487 2042 2529 nomine
2069 2488 2106 2529 ei
2136 2488 2319 2530 adiuncto
2346 2484 2567 2541 conficitur,
2594 2489 2667 2532 alia

159 2562 320 2618 eiusque
347 2559 466 2602 simili
496 2559 730 2601 commutari
757 2559 890 2610 debet,
915 2571 1015 2615 quae
1041 2558 1173 2602 verbis
1201 2557 1377 2608 differat,
1409 2572 1453 2600 re
1481 2566 1683 2613 congruat.
1724 2559 1813 2599 Jam
1830 2571 1928 2600 vero
1957 2557 2093 2613 paucis
2117 2557 2347 2613 quibusdam
2375 2558 2563 2614 exemplis
2579 2572 2669 2614 rem

157 2629 377 2670 illustrabo.
434 2628 559 2669 Tacit.
587 2629 691 2673 Ann.
719 2629 783 2667 111.
812 2626 879 2668 33.
908 2640 1061 2682 pacem,
1089 2626 1239 2667 bellum
1263 2635 1498 2669 morentur-2
1522 2626 1686 2682 propria
1712 2626 1828 2667 huius
1856 2626 1970 2669 verbi
1997 2624 2232 2681 significatio
2260 2639 2351 2668 cum
2379 2635 2549 2683 utroque
2576 2626 2668 2667 sub·

157 2697 329 2739 stantivo
359 2704 452 2753 apte
478 2695 590 2751 iungi
616 2703 749 2752 potest
764 2711 777 2748 3
804 2694 906 2738 conf.
925 2694 1090 2751 cp.*34.,
1121 2694 1189 2736 ubi
1216 2695 1409 2750 legimus:
1435 2708 1510 2737 nec
1537 2696 1662 2736 uuum
1690 2694 1732 2734 in
1761 2707 1810 2734 eo
1838 2694 1946 2750 pacis
1973 2694 2312 2750 impedimentum.
2346 2696 2461 2741 Anu.
2480 2697 2549 2736 IV.
2577 2695 2667 2736 72.:

161 2766 306 2817 boves,
334 2778 470 2821 agros,
497 2779 664 2818 corpora
693 2763 908 2818 coniugum
937 2771 979 2803 et
1005 2763 1223 2804 liberorum
1251 2763 1412 2812 servitio
1440 2763 1675 2804 tradebant:
1712 2763 1881 2804 tenenda
1915 2771 1974 2803 est
2001 2762 2060 2804 vis
2093 2764 2256 2820 propria
2283 2763 2465 2805 vocabuli
2492 2768 2667 2803 servitio:

161 2841 368 2890 praeterea
401 2833 576 2884 accedit,
611 2832 718 2890 quod
755 2831 922 2876 verbum
960 2833 1170 2875 trudebant
1204 2840 1449 2887 postremum
1484 2833 1616 2872 locum
1646 2840 1769 2871 tenet:
1824 2832 1965 2872 Amal.
1991 2833 2038 2872 11.
2064 2832 2131 2872 29.
2161 2833 2224 2871 111.
2251 2830 2318 2873 36.
2344 2831 2463 2871 modo
2490 2828 2667 2887 propria,

160 2902 282 2942 modo
319 2903 501 2942 translata
534 2899 821 2957 significatione
857 2901 1013 2939 tendere
1043 2907 1083 2939 et
1109 2905 1296 2940 intentare
1324 2900 1451 2955 posita
1486 2908 1606 2941 sunt:
1637 2899 1768 2951 (conf.
1785 2901 1853 2943 lv.
1869 2901 1974 2941 Ann.
1991 2900 2057 2942 12.
2074 2900 2252 2940 habitum
2271 2908 2312 2940 et
2325 2913 2443 2942 voces
2459 2891 2666 2939 induebat:
2699 2937 2702 2939 ,

158 2971 250 3011 Liv.
265 2973 463 3013 XXXVII.
481 2971 548 3011 25.
565 2969 752 3024 expedire
770 2970 848 3009 tela
866 2969 1092 3023 animosque
1111 2968 1247 3019 iussi.).
1263 2969 1376 3022 Virg.
1404 2970 1552 3022 Georg.
1576 2971 1604 3008 1.
1623 2968 1690 3009 93.
1708 2984 1717 3008 t
1738 2982 1789 3009 ne
1814 2977 1952 3009 tenues
1973 2968 2130 3023 pluviae
2160 2956 2365 3023 rapidique
2382 2966 2559 3023 potentia
2576 2966 2668 3007 solis

160 3039 291 3080 acrior
320 3047 387 3079 aut
413 3042 568 3079 Boreae
597 3036 852 3092 penetrabilis
879 3036 1004 3090 frigus
1031 3035 1168 3077 adurat
1188 3051 1197 3076 ε
1227 3036 1352 3078 verbo
1372 3037 1520 3077 adurat
1537 3036 1645 3093 quasi
1670 3036 1847 3079 involuta
1875 3045 1934 3078 est
1948 3033 2182 3091 significatio
2203 3036 2390 3078 nocendi:
2416 3033 2530 3077 huius
2544 3033 2668 3091 igitur

159 3106 333 3148 notionis
349 3106 407 3148 vis
425 3113 516 3161 apte
536 3103 805 3147 distribuenda
825 3103 912 3157 erit,
943 3102 1068 3156 (conf.
1081 3105 1195 3149 Voss.
1210 3100 1259 3148 ad
1275 3104 1315 3147 h.
1330 3104 1355 3146 l.
1373 3112 1413 3149 et
1429 3103 1478 3147 ad
1493 3105 1561 3150 lv.
1579 3104 1728 3160 Georg.
1746 3102 1875 3158 530.)
1905 3103 1987 3150 Cic.
1995 3105 2112 3147 Tusc.
2122 3105 2173 3150 V.
2183 3103 2251 3148 23.
2269 3102 2336 3145 63.
2353 3116 2363 3144 ε
2382 3100 2541 3145 alterius
2554 3114 2667 3145 mens

160 3175 379 3218 rationibus
403 3173 595 3229 agitandis
624 3169 951 3230 exquirendisque
979 3173 1182 3216 alebatur:
1211 3172 1279 3229 qui
1309 3181 1368 3215 est
1395 3188 1495 3234 unus
1523 3172 1769 3217 suavissimus
1796 3181 1929 3230 pastus
1955 3172 2200 3217 animorum:
2229 3170 2387 3214 alten'us
2410 3170 2453 3214 in
2479 3168 2596 3213 caede
2625 3177 2666 3212 et

131 3242 340 3291 iniuriis:
378 3242 558 3285 alebatur
593 3242 723 3298 ipsum
761 3245 904 3298 parum
942 3241 1129 3285 convenit
1165 3240 1298 3285 verbis
1335 3246 1372 3283 in
1408 3237 1528 3284 caede
1553 3250 1592 3283 et
1626 3246 1771 3284 iniuriis
1786 3258 1799 3282 .·
1826 3241 1897 3284 sed
1923 3241 1972 3284 ad
1994 3242 2248 3296 pascebatur,
2277 3240 2383 3298 quod
2409 3239 2512 3283 illius
2538 3236 2663 3281 simile

163 3320 245 3366 est,
266 3311 420 3360 ,animus
444 3311 704 3369 antecedente
733 3309 858 3354 verbo
892 3318 1008 3366 pastu
1042 3311 1148 3353 ultro
1180 3310 1425 3355 transfertur.
1479 3313 1620 3370 Horat.
1648 3311 1775 3352 Serm.
1803 3312 1833 3353 1.
1862 3308 1901 3353 3.
1930 3309 1996 3355 10.
2023 3320 2140 3366 saepe
2168 3309 2278 3353 velut
2303 3308 2371 3366 qui
2395 3306 2579 3351 cin-rebat
2603 3303 2671 3356 fus
